@inproceedings{Harris:2011,
    author = {Harris, William R. and Gulwani, Sumit},
    title = {Spreadsheet Table Transformations from Examples},
    booktitle = {Proceedings of the 32Nd ACM SIGPLAN Conference on Programming Language Design and Implementation},
    series = {PLDI '11},
    year = {2011},
    isbn = {978-1-4503-0663-8},
    location = {San Jose, California, USA},
    pages = {317--328},
    numpages = {12},
    url = {http://doi.acm.org/10.1145/1993498.1993536},
    doi = {10.1145/1993498.1993536},
    acmid = {1993536},
    publisher = {ACM},
    address = {New York, NY, USA},
    keywords = {end-user programming, program synthesis, programming by example, spreadsheet programming, table manipulation, user intent},
}

@inproceedings{Gulwani:2011,
    author = {Gulwani, Sumit},
    title = {Automating String Processing in Spreadsheets Using Input-output Examples},
    booktitle = {Proceedings of the 38th Annual ACM SIGPLAN-SIGACT Symposium on Principles of Programming Languages},
    series = {POPL '11},
    year = {2011},
    isbn = {978-1-4503-0490-0},
    location = {Austin, Texas, USA},
    pages = {317--330},
    numpages = {14},
    url = {http://doi.acm.org/10.1145/1926385.1926423},
    doi = {10.1145/1926385.1926423},
    acmid = {1926423},
    publisher = {ACM},
    address = {New York, NY, USA},
    keywords = {program synthesis, programming by example (pbe), spreadsheet programming, string manipulation, user intent, version space algebra},
}

@inproceedings{Perelman:2012,
 author = {Perelman, Daniel and Gulwani, Sumit and Ball, Thomas and Grossman, Dan},
 title = {Type-directed Completion of Partial Expressions},
 booktitle = {Proceedings of the 33rd ACM SIGPLAN Conference on Programming Language Design and Implementation},
 series = {PLDI '12},
 year = {2012},
 isbn = {978-1-4503-1205-9},
 location = {Beijing, China},
 pages = {275--286},
 numpages = {12},
 url = {http://doi.acm.org/10.1145/2254064.2254098},
 doi = {10.1145/2254064.2254098},
 acmid = {2254098},
 publisher = {ACM},
 address = {New York, NY, USA},
 keywords = {code completion, partial expressions, program synthesis, ranking, type-based analysis},
} 

@article{Singh:2012,
    author = {Singh, Rishabh and Gulwani, Sumit},
    title = {Learning Semantic String Transformations from Examples},
    journal = {Proc. VLDB Endow.},
    issue_date = {April 2012},
    volume = {5},
    number = {8},
    month = apr,
    year = {2012},
    issn = {2150-8097},
    pages = {740--751},
    numpages = {12},
    url = {http://dl.acm.org/citation.cfm?id=2212351.2212356},
    acmid = {2212356},
    publisher = {VLDB Endowment},
}

@inproceedings{Singhï¼š2012-2,
 author = {Singh, Rishabh and Gulwani, Sumit},
 title = {Synthesizing Number Transformations from Input-output Examples},
 booktitle = {Proceedings of the 24th International Conference on Computer Aided Verification},
 series = {CAV'12},
 year = {2012},
 isbn = {978-3-642-31423-0},
 location = {Berkeley, CA},
 pages = {634--651},
 numpages = {18},
 url = {http://dx.doi.org/10.1007/978-3-642-31424-7_44},
 doi = {10.1007/978-3-642-31424-7_44},
 acmid = {2362273},
 publisher = {Springer-Verlag},
 address = {Berlin, Heidelberg},
} 

@Article{wambse12,
  author = {Sumit Gulwani},
  title = {Synthesis from Examples},
  journal = {WAMBSE (Workshop on Advances in Model-Based Software Engineering) Special Issue, Infosys Labs Briefings},
  year =  {2012},
  volume = {10},
  number = {2},
  note = {{Invited talk paper}},
}

@INPROCEEDINGS{Gulwani12spreadsheetdata,
    author = {Sumit Gulwani and William R. Harris and Rishabh Singh},
    title = {Spreadsheet data manipulation using examples},
    booktitle = {In Communications of the ACM},
    year = {2012}
}

@inproceedings{Filippova:2011,
 author = {Filippova, Katja and Hall, Keith B.},
 title = {Improved Video Categorization from Text Metadata and User Comments},
 booktitle = {Proceedings of the 34th International ACM SIGIR Conference on Research and Development in Information Retrieval},
 series = {SIGIR '11},
 year = {2011},
 isbn = {978-1-4503-0757-4},
 location = {Beijing, China},
 pages = {835--842},
 numpages = {8},
 url = {http://doi.acm.org/10.1145/2009916.2010028},
 doi = {10.1145/2009916.2010028},
 acmid = {2010028},
 publisher = {ACM},
 address = {New York, NY, USA},
 keywords = {natural language processing, video classification},
} 

@inproceedings{Qin:2011,
 author = {Qin, Chuan and Bao, Xuan and Roy Choudhury, Romit and Nelakuditi, Srihari},
 title = {TagSense: A Smartphone-based Approach to Automatic Image Tagging},
 booktitle = {Proceedings of the 9th International Conference on Mobile Systems, Applications, and Services},
 series = {MobiSys '11},
 year = {2011},
 isbn = {978-1-4503-0643-0},
 location = {Bethesda, Maryland, USA},
 pages = {1--14},
 numpages = {14},
 url = {http://doi.acm.org/10.1145/1999995.1999997},
 doi = {10.1145/1999995.1999997},
 acmid = {1999997},
 publisher = {ACM},
 address = {New York, NY, USA},
 keywords = {activity recognition, context-awareness, face recognition, image tagging, sensing, smartphone},
}

@inproceedings{Wang,
 author = {Wang, He and Lymberopoulos, Dimitrios and Liu, Jie},
 title = {Local Business Ambience Characterization Through Mobile Audio Sensing},
 booktitle = {Proceedings of the 23th International Conference Companion on World Wide Web},
 series = {WWW '14},
 year = {2014},
 isbn = {978-1-4503-0637-9},
 location = {Seoul, Korea},
 pages = {237--240},
 numpages = {4},
 url = {http://doi.acm.org/10.1145/1963192.1963298},
 doi = {10.1145/1963192.1963298},
 acmid = {1963298},
 publisher = {ACM},
 address = {New York, NY, USA},
 keywords = {biomedical knowledge base, disease factors, ontology, relation extraction},
}

@inproceedings{www14,
 author = {Wang, Jingjing and Kang, Changsung and Chang, Yi and Han, Jiawei},
 title = {A hierarchical Dirichlet model for taxonomy expansion for search engines},
 booktitle = {Proceedings of the 23th International Conference Companion on World Wide Web},
 series = {WWW '14},
 year = {2014},
 isbn = {978-1-4503-0637-9},
 location = {Seoul, Korea},
 pages = {237--240},
 numpages = {4},
 url = {http://doi.acm.org/10.1145/1963192.1963298},
 doi = {10.1145/1963192.1963298},
 acmid = {1963298},
 publisher = {ACM},
 address = {New York, NY, USA},
 keywords = {biomedical knowledge base, disease factors, ontology, relation extraction},
}

@ARTICLE{BIM,
	AUTHOR = "Deke Smith",
	TITLE = "An Introduction to Building Information Modeling",
	JOURNAL = "Journal of Building Information Modeling",
	PAGES = {12-14},
	MONTH = "November",
	YEAR = {2007}	
}

@misc{GBXML,
    author = {GBXML},
    title = {Green Building XML},
    url = {http://www.gbxml.org/},
    note = "\url{http://www.gbxml.org/}" 
}

@misc{IFC,
    author = {Industry Foundation Classes},
    title = {Industry Foundation Classes},
    url = {http://www.ifcwiki.org/index.php/Main_Page},
    note = "\url{http://www.ifcwiki.org/index.php/Main_Page}" 
}

@misc{haystack,
    author = {Project Haystack},
    title = {Project Haystack},
    url = {http://project-haystack.org/},
    note = "\url{http://project-haystack.org/}" 
}


@misc{nest,
    author = {NEST},
    title = {NEST Labs},
    url = {http://www.nest.com},
    note = "\url{http://www.nest.com}" 
}

@misc{next10_waste,
  author="{Next10}",
  title="{Untapped Potential of Commericial Buildings: Energy Use and Emissions}",
  year="2010",
  url = "http://next10.org/next10/pdf/NXT10_BuildingEfficiencies_final.pdf"
}

@misc{epa,
  author="{U.S. Environmental Protection Agency}",
  title="{Buildings Energy Data Book}",
  year="2010",
  url = "http://buildingsdatabook.eren.doe.gov/docs/DataBooks/2010_BEDB.pdf"
}

@inproceedings{smap,
 author = {Dawson-Haggerty, Stephen and Jiang, Xiaofan and Tolle, Gilman and Ortiz, Jorge and Culler, David},
 title = {sMAP: a simple measurement and actuation profile for physical information},
 booktitle = {Proceedings of the 8th ACM Conference on Embedded Networked Sensor Systems},
 series = {SenSys '10},
 year = {2010},
 isbn = {978-1-4503-0344-6},
 location = {Zurich, Switzerland},
 pages = {197--210},
 numpages = {14},
 url = {http://doi.acm.org/10.1145/1869983.1870003},
 doi = {10.1145/1869983.1870003},
 acmid = {1870003},
 publisher = {ACM},
 address = {New York, NY, USA},
 keywords = {instrumentation, sensor data},
}

@inproceedings {homeos,
author = {Colin Dixon and Ratul Mahajan and Sharad Agarwal and A.J. Brush and Bongshin Lee and Stefan Saroiu and Paramvir Bahl},
title = {An Operating System for the Home},
booktitle = {Presented as part of the 9th USENIX Symposium on Networked Systems Design and Implementation (NSDI 12)},
year = {2012},
isbn = {978-931971-92-8},
address = {San Jose, CA},
pages = {337--352},
url = {https://www.usenix.org/conference/nsdi12/technical-sessions/presentation/dixon},
publisher = {USENIX},
}

@inproceedings{BDepot,
 author = {Weng, Thomas and Nwokafor, Anthony and Agarwal, Yuvraj},
 title = {BuildingDepot 2.0: An Integrated Management System for Building Analysis and Control},
 booktitle = {Proceedings of the 5th ACM Workshop on Embedded Systems For Energy-Efficient Buildings},
 series = {BuildSys'13},
 year = {2013},
 isbn = {978-1-4503-2431-1},
 location = {Roma, Italy},
 pages = {7:1--7:8},
 articleno = {7},
 numpages = {8},
 url = {http://doi.acm.org/10.1145/2528282.2528285},
 doi = {10.1145/2528282.2528285},
 acmid = {2528285},
 publisher = {ACM},
 address = {New York, NY, USA},
 keywords = {Building Energy Management},
} 

@INPROCEEDINGS{fiap, 
author={Ochiai, H. and Ishiyama, M. and Momose, T. and Fujiwara, N. and Ito, K. and Inagaki, H. and Nakagawa, A. and Esaki, H.}, 
booktitle={Computer Communications Workshops (INFOCOM WKSHPS), 2011 IEEE Conference on}, 
title={FIAP: Facility information access protocol for data-centric building automation systems}, 
year={2011}, 
pages={229-234}, 
keywords={access protocols;building management systems;control engineering computing;FIAP-based system integration;HVAC statuses;University of Tokyo;data-centric building automation systems;facility information access protocol;installation engineering cost minimization;intelligent buildings;maintenance engineering cost minimization;motion detectors;power usages;Automation;Buildings;Data models;Logic gates;Sensors;Servers;Web services;Building Automation;Implementation;Intelligent Building;System Design}, 
doi={10.1109/INFCOMW.2011.5928814},}

@misc{google_3dbuildings,
    author = {Google},
    title = {Google Earth 3D Buildings},
    url = {http://www.google.com/earth/explore/showcase/3dbuildings.html},
    note = "\url{http://www.google.com/earth/explore/showcase/3dbuildings.html}" 
}

@misc{lontalk,
  author = {{Echelon Corporation}},
  title = {{LonTalk Protocol Specification}},
  note = "Echelon Corp. 1994"	}

@misc{bacnet,
  author = {{American Society of Heating, Refrigerating and Air-Conditioning Engineers}},
  title = {{ASHRAE Standard 135-1995: BACnet}},
  note = "ASHRAE, Inc., 1995" }


@ARTICLE{bowman:reasoning,
	AUTHOR = "Mic Bowman and Saumya K. Debray and Larry L. Peterson",
	TITLE = "Reasoning About Naming Systems",
	JOURNAL = "ACM Trans. Program. Lang. Syst.",
	VOLUME = {15},
	NUMBER = {5},
	
	MONTH = "November",
	YEAR = {1993}	}

@ARTICLE{braams:babel,
	AUTHOR = "Johannes Braams",
	TITLE = "Babel, a Multilingual Style-Option System for Use with LaTeX's Standard Document Styles",
	JOURNAL = {TUGboat},
	VOLUME = {12},
	NUMBER = {2},
	PAGES = {291-301},
	MONTH = "June",
	YEAR = {1991}	}

@INPROCEEDINGS{clark:pct,
	AUTHOR = "Malcolm Clark",
	TITLE = "Post Congress Tristesse",
	BOOKTITLE = "TeX90 Conference Proceedings",
	PAGES = "84-89",
	ORGANIZATION = "TeX Users Group",
	MONTH = "March", 
	YEAR = {1991}	}

@ARTICLE{herlihy:methodology,
	AUTHOR = "Maurice Herlihy",
	TITLE = "A Methodology for Implementing Highly Concurrent
	Data Objects",
	JOURNAL = {ACM Trans. Program. Lang. Syst.},
	VOLUME = {15},
	NUMBER = {5},
	PAGES = {745-770},
	MONTH = "November",
	YEAR = {1993}	}

@BOOK{Lamport:LaTeX,
	AUTHOR = "Leslie Lamport",
	TITLE = "LaTeX User's Guide and Document Reference Manual",
	PUBLISHER = "Addison-Wesley Publishing Company",
	ADDRESS = "Reading, Massachusetts",
	YEAR = "1986"	}

@BOOK{salas:calculus,
	AUTHOR = "S.L. Salas and Einar Hille",
	TITLE = "Calculus: One and Several Variable",
	PUBLISHER = "John Wiley and Sons",
	ADDRESS = "New York",
	YEAR = "1978"	}




